@ARTICLE{gratch:domain-independent,
	AUTHOR = {Jonathan Gratch and Stacy C. Marsella},
	TITLE = {A Domain-independent Framework for Modeling Emotion},
	JOURNAL = {Cognitive Systems Research},
	VOLUME = {5},
	NUMBER = {4},
	PAGES = {269--306},
	YEAR = {2004}
}

@INCOLLECTION{grosz:plans-discourse,
	AUTHOR = {Barbara J. Grosz and Candace L. Sidner},
	TITLE = {Plans for Discourse},
	YEAR = {1990},
	BOOKTITLE = {Intentions in Communication},
	EDITOR = {P. R. Cohen and J. Morgan and M. E. Pollack},
	PUBLISHER = {MIT Press},
	ADDRESS = {Cambridge, MA},
	PAGES = {417-444},
	KEYWORDS = {plans, pragmatics}
}

